@book{emv_specifications_book,
  title     = "EMV® Level 1 Specifications for Payment Systems",
  author    = "EMVCo",
  year      = "2022",
  publisher = "EMVCo",
}

% https://www.emvco.com/specifications/book-1-application-independent-icc-to-terminal-interface-requirements-2/
@book{emv_book_1,
  title     = "Integrated Circuit Card (ICC) Specifications for Payment Systems – Book 1, Application Independent ICC to Terminal Interface Requirements",
  author    = "EMVCo",
  year      = "2022",
  publisher = "EMVCo",
  pagetotal = "81",
}

% https://www.emvco.com/specifications/book-2-security-and-key-management-2/
@book{emv_book_2,
  title     = "Integrated Circuit Card (ICC) Specifications for Payment Systems – Book 2, Security and Key Management",
  author    = "EMVCo",
  year      = "2022",
  publisher = "EMVCo",
  pagetotal = "192",
}

% https://www.emvco.com/specifications/book-3-application-specification-2/
@book{emv_book_3,
  title     = "Integrated Circuit Card (ICC) Specifications for Payment Systems – Book 3, Application Specification",
  author    = "EMVCo",
  year      = "2022",
  publisher = "EMVCo",
  pagetotal = "230",
}

@online{posterminals,
  title     = "POS terminals and NFC",
  url       = "https://www.themobileknowledge.com/wp-content/uploads/2017/12/Webinar-slides-POS-terminals-and-NFC.pdf",
  urldate   = {2024-10-12},
}

@online{codejournal,
  title     = "Бесконтактная оплата картой: как это работает",
  url       = "https://thecode.media/mir-pay/",
  urldate   = {2024-12-09},
}

@misc{cdrf_results2024,
  title     = "Итоги работы Банка России 2024: коротко о главном",
  url       = "https://www.cbr.ru/about_br/publ/results_work/2024/razvitie-sistemy-platezhey-i-raschetov/",
  urldate   = {2025-05-01},
}

@misc{cdrf_report2024,
  title     = "Годовой отчет Центрального Банка России за 2024 год",
  url       = "https://www.cbr.ru/Collection/Collection/File/55239/ar_2024.pdf",
  urldate   = {2025-05-01},
}

@misc{habr_fondy_payment_history,
  title     = "Путешествие финансовой транзакции",
  url       = "https://habr.com/ru/companies/fondy/articles/322736/",
  urldate   = {2025-05-02},
}

@misc{habr_nspk_cliring,
  title     = "Что такое клиринг, как он работает и реализован на примере платёжной системы «Мир»",
  url       = "https://habr.com/ru/companies/oleg-bunin/articles/695262/",
  urldate   = {2025-05-02},
}

@misc{habr_nspk_qr,
  title     = "Новый чёрный — это чёрно-белый: как работают QR-коды в розничных платежах",
  url       = "https://habr.com/ru/specials/714004/",
  urldate   = {2025-05-02},
}

@article{plas_emv_fraud,
  author    = "Игорь Голдовский",
  title     = "<<Легкая>> поступь EMV-миграции, или Куда уходит фрод? [Электронный ресурс]",
  journal   = "ПЛАС",
  year      = "2006",
  number    = "10",
  url       = "https://plusworld.ru/journal/2006/04-114/art140216/",
  urldate   = {2025-05-02},
}

@misc{habr_nspk_mir_payment,
  title     = "Как работают мобильные кошельки на примере приложения «Mir Pay»",
  url       = "https://habr.com/ru/companies/nspk/articles/517258/",
  urldate   = {2025-05-04},
}

@misc{pos_term,
  title     = "What is POS Terminals?",
  url       = "https://razorpay.com/blog/what-is-pos-terminal/",
  urldate   = {2025-01-05},
}

@misc{emv_card_mechanism,
  title     = "Платежная EMV-карта. Механизмы обеспечения безопасности платежа",
  url       = "https://habr.com/ru/articles/281438/",
  urldate   = {2025-05-05},
}

@misc{habr_smart_card_for_little,
  title     = "Смарт-карты для самых маленьких",
  url       = "https://habr.com/ru/articles/210062/",
  urldate   = {2025-01-12}
}

@misc{emv_fastercapital,
  title     = "Технология чипов EMV: безопасные и умные: карты Visa и технология EMV Chip",
  url       = "https://fastercapital.com/ru/content/%D0%A2%D0%B5%D1%85%D0%BD%D0%BE%D0%BB%D0%BE%D0%B3%D0%B8%D1%8F-%D1%87%D0%B8%D0%BF%D0%BE%D0%B2-EMV--%D0%B1%D0%B5%D0%B7%D0%BE%D0%BF%D0%B0%D1%81%D0%BD%D1%8B%D0%B5-%D0%B8-%D1%83%D0%BC%D0%BD%D1%8B%D0%B5--%D0%BA%D0%B0%D1%80%D1%82%D1%8B-Visa-%D0%B8-%D1%82%D0%B5%D1%85%D0%BD%D0%BE%D0%BB%D0%BE%D0%B3%D0%B8%D1%8F-EMV-Chip.html",
  urldate   = {2025-01-13}
}

@misc{secure_nfc_mc,
  title     = "Secure Microcontrollers NFC Overview",
  url       = "https://www.analog.com/en/resources/app-notes/secure-microcontrollers-nfc-overview.html",
  urldate   = {2025-01-13}
}

% \bibitem{gost_ugo} ГОСТ 2.702-2011 Правила выполнения электрических схем
% \bibitem{gost_knop} ГОСТ 2.710-81 Обозначения буквенно-цифровые в электрических схемах
% \bibitem{5} ГОСТ 2.721-74 Обозначения условные графические в схемах. Обозначения общего применения
